<?xml version="1.0" encoding="UTF-8"?><collection xmlns="http://www.loc.gov/MARC21/slim"><record><leader>00512nam--2200193-i-4500</leader><controlfield tag="001">000011744</controlfield><controlfield tag="002">20161230</controlfield><controlfield tag="005">20161230201029</controlfield><controlfield tag="008">060222s1000------------r-----000-0-rus-d</controlfield><datafield ind1=" " ind2=" " tag="040"><subfield code="a">IFIN-HH</subfield></datafield><datafield ind1=" " ind2=" " tag="041"><subfield code="a">rus</subfield></datafield><datafield ind1=" " ind2=" " tag="080"><subfield code="a">537.312.62</subfield></datafield><datafield ind1="1" ind2=" " tag="100"><subfield code="a">Salanskii, N.M</subfield></datafield><datafield ind1="1" ind2="0" tag="245"><subfield code="a">Fiziceskie svoistva i primenenie magnithih plenok</subfield><subfield code="c">N.m. salanskii; m.sh. eruhimov</subfield></datafield><datafield ind1=" " ind2=" " tag="260"><subfield code="a">Novosibiersk</subfield><subfield code="b">Nauka</subfield><subfield code="c">1975</subfield></datafield><datafield ind1=" " ind2=" " tag="300"><subfield code="a">222P</subfield></datafield><datafield ind1="1" ind2=" " tag="700"><subfield code="a">Eruhimov, M.Sh</subfield></datafield><datafield ind1=" " ind2=" " tag="852"><subfield code="a">43786</subfield><subfield code="c">537:538</subfield></datafield><datafield ind1=" " ind2=" " tag="CAT"><subfield code="a">Sys</subfield><subfield code="c">20110621</subfield><subfield code="h">132315</subfield></datafield></record></collection>